% \begin{thebibliography}{1}

% \bibitem{IEEEhowto:kopka}
% H.~Kopka and P.~W. Daly, \emph{A Guide to \LaTeX}, 3rd~ed.\hskip 1em plus
%   0.5em minus 0.4em\relax Harlow, England: Addison-Wesley, 1999.

% \end{thebibliography}

@article{IEEEexample:article_typical,
author = "S. Zhang and C. Zhu and J. K. O. Sin
and P. K. T. Mok",
title = "A Novel Ultrathin Elevated Channel
Low-temperature Poly-{Si} {TFT}",
journal = IEEE_J_EDL,
volume = "20",
month = nov,
year = "1999",
pages = "569-571"
}
